%YAML 1.1
%TAG !u! tag:unity3d.com,2011:
--- !u!243 &-7638431160410102825
AudioMixerGroupController:
  m_ObjectHideFlags: 0
  m_CorrespondingSourceObject: {fileID: 0}
  m_PrefabInstance: {fileID: 0}
  m_PrefabAsset: {fileID: 0}
  m_Name: Game SFX
  m_AudioMixer: {fileID: 24100000}
  m_GroupID: e4e115c6f92b57b40b1ee051dd155b95
  m_Children: []
  m_Volume: 295f085de1383fd449ea249794ec31bb
  m_Pitch: d9302f93ac3616d42b2d2ecce8db81cf
  m_Send: 00000000000000000000000000000000
  m_Effects:
  - {fileID: 4104408572847509278}
  m_UserColorIndex: 3
  m_Mute: 0
  m_Solo: 0
  m_BypassEffects: 0
--- !u!244 &-3578299677822167649
AudioMixerEffectController:
  m_ObjectHideFlags: 3
  m_CorrespondingSourceObject: {fileID: 0}
  m_PrefabInstance: {fileID: 0}
  m_PrefabAsset: {fileID: 0}
  m_Name: 
  m_EffectID: adbbb99df84562044a6a87dfa842f974
  m_EffectName: Attenuation
  m_MixLevel: 00a1aa0691a2ad5468cfbd5e727c03e0
  m_Parameters: []
  m_SendTarget: {fileID: 0}
  m_EnableWetMix: 0
  m_Bypass: 0
--- !u!243 &-2574985159655791861
AudioMixerGroupController:
  m_ObjectHideFlags: 0
  m_CorrespondingSourceObject: {fileID: 0}
  m_PrefabInstance: {fileID: 0}
  m_PrefabAsset: {fileID: 0}
  m_Name: Game Music
  m_AudioMixer: {fileID: 24100000}
  m_GroupID: 763fd94a20ad1034cbdee23ec0766416
  m_Children: []
  m_Volume: 0d974f148acb34e448c5278a0177fa2d
  m_Pitch: 2164b441c44d12f4ebbc7395e672523d
  m_Send: 00000000000000000000000000000000
  m_Effects:
  - {fileID: -3578299677822167649}
  m_UserColorIndex: 3
  m_Mute: 0
  m_Solo: 0
  m_BypassEffects: 0
--- !u!241 &24100000
AudioMixerController:
  m_ObjectHideFlags: 0
  m_CorrespondingSourceObject: {fileID: 0}
  m_PrefabInstance: {fileID: 0}
  m_PrefabAsset: {fileID: 0}
  m_Name: MainMixer
  m_OutputGroup: {fileID: 0}
  m_MasterGroup: {fileID: 24300002}
  m_Snapshots:
  - {fileID: 24500006}
  m_StartSnapshot: {fileID: 24500006}
  m_SuspendThreshold: -80
  m_EnableSuspend: 1
  m_UpdateMode: 0
  m_ExposedParameters:
  - guid: 0d974f148acb34e448c5278a0177fa2d
    name: gameSfxVol
  - guid: 295f085de1383fd449ea249794ec31bb
    name: gameMusicVol
  - guid: 702e137283f5422458b90c4eb10532bd
    name: uiMusicVol
  - guid: 159fca032278503479b002e109337086
    name: uiSfxVol
  m_AudioMixerGroupViews:
  - guids:
    - 3375cf47deba3bf48b65a5eea3b603a1
    - 6b2fc9fbe8f1ef843a32ef3ca7f1a830
    - 2644b533b4cbdb74ea11c3e77fb08114
    - 763fd94a20ad1034cbdee23ec0766416
    - e4e115c6f92b57b40b1ee051dd155b95
    name: View
  m_CurrentViewIndex: 0
  m_TargetSnapshot: {fileID: 24500006}
--- !u!243 &24300002
AudioMixerGroupController:
  m_ObjectHideFlags: 0
  m_CorrespondingSourceObject: {fileID: 0}
  m_PrefabInstance: {fileID: 0}
  m_PrefabAsset: {fileID: 0}
  m_Name: Master
  m_AudioMixer: {fileID: 24100000}
  m_GroupID: 3375cf47deba3bf48b65a5eea3b603a1
  m_Children:
  - {fileID: 9183495314219888328}
  - {fileID: 300074147196723807}
  - {fileID: -2574985159655791861}
  - {fileID: -7638431160410102825}
  m_Volume: 623bcd4f0bd1bef408966180aa175b5f
  m_Pitch: c2f23666f1b58f2419fc03f46d339354
  m_Send: 00000000000000000000000000000000
  m_Effects:
  - {fileID: 24400004}
  m_UserColorIndex: 0
  m_Mute: 0
  m_Solo: 0
  m_BypassEffects: 0
--- !u!244 &24400004
AudioMixerEffectController:
  m_ObjectHideFlags: 3
  m_CorrespondingSourceObject: {fileID: 0}
  m_PrefabInstance: {fileID: 0}
  m_PrefabAsset: {fileID: 0}
  m_Name: 
  m_EffectID: 49b477ad2b906cb4683cb086d1e855e8
  m_EffectName: Attenuation
  m_MixLevel: 9cad70efb348acf429929870760c17bc
  m_Parameters: []
  m_SendTarget: {fileID: 0}
  m_EnableWetMix: 0
  m_Bypass: 0
--- !u!245 &24500006
AudioMixerSnapshotController:
  m_ObjectHideFlags: 0
  m_CorrespondingSourceObject: {fileID: 0}
  m_PrefabInstance: {fileID: 0}
  m_PrefabAsset: {fileID: 0}
  m_Name: Snapshot
  m_AudioMixer: {fileID: 24100000}
  m_SnapshotID: d6d605272ab131b41981464e9451fe7f
  m_FloatValues:
    702e137283f5422458b90c4eb10532bd: 20
    159fca032278503479b002e109337086: -5
    623bcd4f0bd1bef408966180aa175b5f: -0.27209902
  m_TransitionOverrides: {}
--- !u!243 &300074147196723807
AudioMixerGroupController:
  m_ObjectHideFlags: 0
  m_CorrespondingSourceObject: {fileID: 0}
  m_PrefabInstance: {fileID: 0}
  m_PrefabAsset: {fileID: 0}
  m_Name: UI SFX
  m_AudioMixer: {fileID: 24100000}
  m_GroupID: 2644b533b4cbdb74ea11c3e77fb08114
  m_Children: []
  m_Volume: 159fca032278503479b002e109337086
  m_Pitch: ed2abd0caceb8334eb50f7b62c162ea0
  m_Send: 00000000000000000000000000000000
  m_Effects:
  - {fileID: 7653384127596810858}
  m_UserColorIndex: 1
  m_Mute: 0
  m_Solo: 0
  m_BypassEffects: 0
--- !u!244 &1294899708199325921
AudioMixerEffectController:
  m_ObjectHideFlags: 3
  m_CorrespondingSourceObject: {fileID: 0}
  m_PrefabInstance: {fileID: 0}
  m_PrefabAsset: {fileID: 0}
  m_Name: 
  m_EffectID: 2a7133957e6bea2458759e936c42395e
  m_EffectName: Attenuation
  m_MixLevel: 5190c40fce90e2a4fb9f2f62dd66833d
  m_Parameters: []
  m_SendTarget: {fileID: 0}
  m_EnableWetMix: 0
  m_Bypass: 0
--- !u!244 &4104408572847509278
AudioMixerEffectController:
  m_ObjectHideFlags: 3
  m_CorrespondingSourceObject: {fileID: 0}
  m_PrefabInstance: {fileID: 0}
  m_PrefabAsset: {fileID: 0}
  m_Name: 
  m_EffectID: 2ff178f4d69e356479c7d8df44b137c7
  m_EffectName: Attenuation
  m_MixLevel: d25325dd14fdf204d9b3f423bfd87b9f
  m_Parameters: []
  m_SendTarget: {fileID: 0}
  m_EnableWetMix: 0
  m_Bypass: 0
--- !u!244 &7653384127596810858
AudioMixerEffectController:
  m_ObjectHideFlags: 3
  m_CorrespondingSourceObject: {fileID: 0}
  m_PrefabInstance: {fileID: 0}
  m_PrefabAsset: {fileID: 0}
  m_Name: 
  m_EffectID: 618918abc74a12f4ea1566d68c737958
  m_EffectName: Attenuation
  m_MixLevel: 8372c2cfa17648c47ae438a12fbd9124
  m_Parameters: []
  m_SendTarget: {fileID: 0}
  m_EnableWetMix: 0
  m_Bypass: 0
--- !u!243 &9183495314219888328
AudioMixerGroupController:
  m_ObjectHideFlags: 0
  m_CorrespondingSourceObject: {fileID: 0}
  m_PrefabInstance: {fileID: 0}
  m_PrefabAsset: {fileID: 0}
  m_Name: UI Music
  m_AudioMixer: {fileID: 24100000}
  m_GroupID: 6b2fc9fbe8f1ef843a32ef3ca7f1a830
  m_Children: []
  m_Volume: 702e137283f5422458b90c4eb10532bd
  m_Pitch: 11c270cfbaf90de47805b10b70dba458
  m_Send: 00000000000000000000000000000000
  m_Effects:
  - {fileID: 1294899708199325921}
  m_UserColorIndex: 1
  m_Mute: 0
  m_Solo: 0
  m_BypassEffects: 0
